% ------------------------------------------------------------------------
% SAMPLE BIBLIOGRAPHY FILE
% ------------------------------------------------------------------------
@misc{tallin_declaration,
  author = 		 {European Commission},
  title =        {Tallinn Declaration on eGovernment},
  day =       06,
  month =     {October},
  year =         2017,
  note =         {[online] \url{http://ec.europa.eu/newsroom/document.cfm?doc_id=47559} {[Last accessed : 2019-12-29]}},
  url = {http://ec.europa.eu/newsroom/document.cfm?doc_id=47559},
  urldate = {2019-12-29}
  
}

@misc{action_plan,
	author =	   {European Commission},
	title =        {Communication: EU eGovernment Action Plan 2016-2020 - Accelerating the digital transformation of government},
	day =       19,
	month =     {April},
	year =         2016,
	note = {[online] \url{https://ec.europa.eu/digital-single-market/en/news/communication-eu-egovernment-action-plan-2016-2020-accelerating-digital-transformation} {[Last accessed : 2019-12-29]}},
	url={https://ec.europa.eu/digital-single-market/en/news/communication-eu-egovernment-action-plan-2016-2020-accelerating-digital-transformation},
	urldate = {2019-12-29}
}

@misc{eif,
	author =      {European Commission},
	title =       {The New European Interoperability Framework},
	day =       23,
	month =     {March},
	year =         2017,
	note =         {[online] \url{https://ec.europa.eu/isa2/eif_en} {[Last accessed : 2019-12-29]}},
	url = {https://ec.europa.eu/isa2/eif_en},
	urldate = {2019-12-29}
}

@misc{ai_europe,
	author =      {European Commission},
	title =       {Communication Artificial Intelligence for Europe},
	day =       25,
	month =     {April},
	year =         2018,
	note =         {[online] \url{https://ec.europa.eu/digital-single-market/en/news/communication-artificial-intelligence-europe} {[Last accessed : 2019-12-29]}},
	url = {https://ec.europa.eu/digital-single-market/en/news/communication-artificial-intelligence-europe},
    urldate = {2019-12-29}
}

@misc{hcl_tech,
	author =      {{Charu Rudrakshi} {Amit Varshney} {Bharath Yadla} {Dr. Rama Kanneganti} {Kiran Somalwar}},
	year =         2014,
	month = {August},
	institution = {HCL Technologies},
	title =       {API-fication Core Building Block of the Digital Enterprise – White Paper},
	note =         {[online] \url{https://www.hcltech.com/white-papers/systems-integration/api-fication-core-building-block-digitalenterprise} {[Last accessed : 2019-12-29]}},
	url = {https://www.hcltech.com/white-papers/systems-integration/api-fication-core-building-block-digitalenterprise},
	urldate = {2019-12-29}
}

@misc{fed_tech,
	author =      {Government Technology Insider},
	title =       {Government Agencies Leading App Economy Using Innovation Drive
	Economic Growth},
	year =       2014,
	month = {May},
	day = 23,
	note =         {[online] \url{https://federaltechnologyinsider.com/government-agencies-leading-app-economyusing-innovation-drive-economic-growth/} {[Last accessed : 2019-12-29]}},
	url = {https://federaltechnologyinsider.com/government-agencies-leading-app-economyusing-innovation-drive-economic-growth/},
	urldate = {2019-12-29}
}

@misc{define_api,
	author =      {{Karen C.}{Simon Mueller}},
	title =       {API},
	year =       2017,
	month = {November},
	day = 20,
	note =         {[online] \url{https://www.definition.net/define/api} {[Last accessed : 2019-12-29]}},
	url = {https://www.definition.net/define/api},
	urldate = {2019-12-29}
}

@misc{graphql,
	key   =       {Graphql},
	title =       {Graphql},
	year =       2012,
	note =         {[online] \url{https://graphql.org/} {[Last accessed : 2019-12-29]}},
	url = {https://graphql.org/},
	urldate = {2019-12-29}
}

@misc{programmableweb_apis,
	key =      {ProgrammableWeb},
	title =       {APIs, Mashups and the Web as a platform},
	year =       2019,
	month = {December},
	day = 29,
	note =         {[online] \url{https://www.programmableweb.com/} {[Last accessed : 2019-12-29]}},
	url = {https://www.programmableweb.com/},
	urldate = {2019-12-29}
}

@misc{programmableweb_search,
	key =      {ProgrammableWeb},
	title =       {APIs, Search the Largest API Directory on the Web},
	year =       2019,
	month = {December},
	day = 29,
	note =         {[online] \url{https://www.programmableweb.com/apis/directory} {[Last accessed : 2019-12-29]}},
	url = {https://www.programmableweb.com/apis/directory},
	urldate = {2019-12-29}
}

@misc{opengeospatial,
	key =      {OGC},
	title =       {OGC® Standards and Supporting Documents},
	year =       2019,
	month = {December},
	day = 29,
	note =         {[online] \url{http://www.opengeospatial.org/standards} {[Last accessed : 2019-12-29]}},
	url = {http://www.opengeospatial.org/standards},
	urldate = {2019-12-29}
}

@misc{opengeospatial_elearning,
	key =      {OGC e-Learning},
	title =       {Introduction to OGC Standards},
	year =       2019,
	month = {December},
	day = 29,
	note =         {[online] \url{ http://cite.opengeospatial.org/pub/cite/files/edu/ogcstandards/text/services-ogc.html} {[Last accessed : 2019-12-29]}},
	url={http://cite.opengeospatial.org/pub/cite/files/edu/ogcstandards/text/services-ogc.html},
	urldate = {2019-12-29}
}

@misc{iso,
	key =      {ISO},
	title =       {ISO standard for APIs},
	year =       2018,
	month = {November},
	day = 26,
	note =         {[online] \url{https://www.iso20022.org/news/apis-and-iso-20022-whitepaper} {[Last accessed : 2019-12-29]}},
	url={https://www.iso20022.org/news/apis-and-iso-20022-whitepaper},
	urldate = {2019-12-29}
}

@misc{tech_gov,
	key =      {Government Digital Service},
	title =       {Identifying the challenges of designing cross-government APIs},
	year =       2018,
	month = {January},
	day = 29,
	note =         {[online] \url{https://technology.blog.gov.uk/2018/01/29/identifying-the-challenges-of-designing-cross-government-apis/} {[Last accessed : 2019-12-29]}},
	url={https://technology.blog.gov.uk/2018/01/29/identifying-the-challenges-of-designing-cross-government-apis/},
	urldate = {2019-12-29}
}

@misc{gov_uk_api,
	key =      {Gov.uk},
	title =       {API technical and data standards},
	year =       2019,
	month = {August},
	day = 01,
	note =         {[online] \url{https://www.gov.uk/guidance/gds-api-technical-and-datastandards} {[Last accessed : 2019-12-29]}},
	url={https://www.gov.uk/guidance/gds-api-technical-and-datastandards},
	urldate = {2019-12-29}
}

@misc{api_ecosystems,
	author =      {{Mark O'Neill} {Kristin Moyer} {Paolo Malinverno}},
	title =       {From APIs to Ecosystems: API Economy Best Practices for Building a Digital Platform},
	year =       2017,
	month = {July},
	day = 13,
	id =   G00331662,
	note =         {[online] \url{https://www.gartner.com/en/documents/3760363/from-apis-to-ecosystems-api-economy-best-practices-for-b} {[Last accessed : 2019-12-29]}},
	url={https://www.gartner.com/en/documents/3760363/from-apis-to-ecosystems-api-economy-best-practices-for-b},
	urldate = {2019-12-29}
}

@misc{proactive_api,
	author =      {Dean Lacheca},
	title =       {Accelerate Data-Centric, Digital Government With a Proactive API Program},
	year =       2016,
	month = {December},
	day = 09,
	id =   G00320208,
	note =         {[online] \url{https://www.gartner.com/en/documents/3534849/accelerate-data-centric-digital-government-with-a-proact} {[Last accessed : 2019-12-29]}},
	url={https://www.gartner.com/en/documents/3534849/accelerate-data-centric-digital-government-with-a-proact},
	urldate = {2019-12-29}
}

@misc{api_industrial_data,
	author =      {Albert Borschette},
	title =       {Data access and transfer with a focus on APIs and industrial data
	platforms},
	year =       2017,
	month = {June},
	day = 08,
	note =         {[online] \url{https://ec.europa.eu/information_society/newsroom/image/document/2017-32/report_final_for_web_C285AA6E-0C77-373C-999BF6DFBCC3F995_46252.pdf} {[Last accessed : 2019-12-29]}},
	url={https://ec.europa.eu/information_society/newsroom/image/document/2017-32/report_final_for_web_C285AA6E-0C77-373C-999BF6DFBCC3F995_46252.pdf},
	urldate = {2019-12-29}
}

@misc{os_places,
	key =      {Ordnance Survey},
	title =       {OS Places API},
	year =       2019,
	month = {December},
	day = 29,
	note =         {[online] \url{https://developer.ordnancesurvey.co.uk/os-places-api} {[Last accessed : 2019-12-29]}},
	url={https://developer.ordnancesurvey.co.uk/os-places-api},
	urldate = {2019-12-29}
}

@misc{erp_integration,
	key =      {ERP},
	title =       {ERP Integration - A united application architecture},
	year =       2019,
	month = {December},
	day = 29,
	note =         {[online] \url{https://www.mulesoft.com/resources/esb/erp-integration-application-architecture} {[Last accessed : 2019-12-29]}},
	url={https://www.mulesoft.com/resources/esb/erp-integration-application-architecture},
	urldate = {2019-12-29}
}

@misc{x-road,
	author =      {E-Estonia},
	title =       {X-Road},
	year =       2019,
	month = {December},
	day = 29,
	note =         {[online] \url{https://e-estonia.com/solutions/interoperability-services/x-road/} {[Last accessed : 2019-12-29]}},
	url={https://e-estonia.com/solutions/interoperability-services/x-road/},
	urldate = {2019-12-29}
}

@misc{gov_transformation,
	author =      {Bill Finnerty},
	title =       {A Digital Government Technology Platform Is Essential to Government Transformation},
	year =       2018,
	month = {January},
	day = 23,
	id =   G00344044,
	note =         {[online] \url{https://www.gartner.com/en/documents/3534849/accelerate-data-centric-digital-government-with-a-proact} {[Last accessed : 2019-12-29]}},
	url={https://www.gartner.com/en/documents/3534849/accelerate-data-centric-digital-government-with-a-proact},
	urldate = {2019-12-29}
}

@misc{open_gov,
	key =      {Organisation for Economic Co-operation and Development},
	title =       {Open Government},
	year =       2019,
	month = {December},
	day = 29,
	note =         {[online] \url{http://www.oecd.org/gov/open-government/} {[Last accessed : 2019-12-29]}},
	url= {http://www.oecd.org/gov/open-government/},
	urldate = {2019-12-29}
}

@misc{whitehouse_archives,
	key =      {The White House President Obama Archives},
	title =       {Open Government Initiative},
	year =       2019,
	month = {December},
	day = 29,
	note =         {[online] \url{https://obamawhitehouse.archives.gov/open} {[Last accessed : 2019-12-29]}},
	url= {https://obamawhitehouse.archives.gov/open},
	urldate = {2019-12-29}
}

@misc{edp_use_cases,
	author =      {European Data Portal},
	title =       {Use Cases},
	year =       2019,
	month = {December},
	day = 29,
	note =         {[online] \url{https://www.europeandataportal.eu/en/using-data/use-cases} {[Last accessed : 2019-12-29]}},
	url= {https://www.europeandataportal.eu/en/using-data/use-cases},
	urldate = {2019-12-29}
}

@misc{edp_api_v3,
	author =      {European Data Portal},
	title =       {API version 3},
	year =       2019,
	month = {December},
	day = 29,
	note =         {[online] \url{http://www.europeandataportal.eu/data/en/api/3} {[Last accessed : 2019-12-29]}},
	url= {http://www.europeandataportal.eu/data/en/api/3},
	urldate = {2019-12-29}
}

@misc{edp_sparql,
	author =      {European Data Portal},
	title =       {Virtuoso SPARQL Query Editor},
	year =       2019,
	month = {December},
	day = 29,
	note =    {[online] \url{http://www.europeandataportal.eu/sparql} {[Last accessed : 2019-12-29]}},
	url= {http://www.europeandataportal.eu/sparql},
	urldate = {2019-12-29}
}

@misc{edp_data_portal,
	author =      {European Public Sector Information Platform},
	title =       {Understanding the European Data Portal},
	year =       2016,
	note =    {[online] \url{https://www.europeandataportal.eu/sites/default/files/2016_understanding_the_european_data_portal.pdf} {[Last accessed : 2019-12-29]}},
	url= {https://www.europeandataportal.eu/sites/default/files/2016_understanding_the_european_data_portal.pdf},
	urldate = {2019-12-29}
}

@misc{eu_funding,
	author =      {European Union},
	title =       {EU funding},
	year =       2019,
	note =    {[online] \url{https://europa.eu/european-union/about-eu/funding-grants_en} {[Last accessed : 2019-12-29]}},
	url= {https://europa.eu/european-union/about-eu/funding-grants_en},
	urldate = {2019-12-29}
}

@misc{eu_gdpr,
	author =      {EU General Data Protection Regulation},
	title =       {GDPR Portal: Site Overview},
	year =       2019,
	note =    {[online] \url{ https://www.eugdpr.org} {[Last accessed : 2019-12-29]}},
	url= { https://www.eugdpr.org},
	urldate = {2019-12-29}
}

@misc{eu_payment_directives,
	author =      {European Commission},
	title =       {Payment services (PSD 2) - Directive (EU) 2015/2366},
	year =       2019,
	note =    {[online] \url{https://ec.europa.eu/info/law/payment-services-psd-2-directive-eu-2015-2366_en} {[Last accessed : 2019-12-29]}},
	url= {https://ec.europa.eu/info/law/payment-services-psd-2-directive-eu-2015-2366_en},
	urldate = {2019-12-29}
}

@misc{public_sector_info,
	author =      {European Commission},
	title =       {European legislation on the re-use of public sector information},
	year =       2019,
	note =    {[online] \url{https://ec.europa.eu/digital-single-market/en/european-legislation-reuse-public-sector-information} {[Last accessed : 2019-12-29]}},
	url= {https://ec.europa.eu/digital-single-market/en/european-legislation-reuse-public-sector-information},
	urldate = {2019-12-29}
}

@misc{open_geospatial_consortium,
	author =      {Open Geospatial Consortium},
	title =       {OGC® Open Geospatial APIs - White Paper},
	year =       2017,
	month = {February},
	day = 23,
	note =    {[online] \url{http://docs.opengeospatial.org/wp/16-019r4/16-019r4.html} {[Last accessed : 2019-12-29]}},
	url= {http://docs.opengeospatial.org/wp/16-019r4/16-019r4.html},
	urldate = {2019-12-29}
}

@misc{interface_standardisation,
	author =      {European Payments Council},
	title =       {How can Application Programming Interface standardisation be
	achieved in the context of the revised Payment Services Directive?},
	year =       2017,
	month = {March},
	day = 13,
	note =    {[online] \url{
	https://www.europeanpaymentscouncil.eu/news-insights/insight/how-can-application-programming-interface-standardisation-be-achieved-context} {[Last accessed : 2019-12-29]}},
	url= {https://www.europeanpaymentscouncil.eu/news-insights/insight/how-can-application-programming-interface-standardisation-be-achieved-context},
	urldate = {2019-12-29}
}

@misc{eu_innovation_programmes,
	author =      {European commission},
	title =       {FIWARE Final report - A New Model for EU Innovation Programmes},
	year =       2018,
	month = {November},
	day = 28,
	note =    {[online] \url{https://ec.europa.eu/digital-single-market/en/news/fiware-final-report-new-model-eu-innovation-programmes} {[Last accessed : 2019-12-29]}},
	url= {https://ec.europa.eu/digital-single-market/en/news/fiware-final-report-new-model-eu-innovation-programmes},
	urldate = {2019-12-29}
}

@misc{nordic_apis,
	author =      {Nordic Apis},
	title =       {API Discovery: 15 Ways to Find APIs},
	year =       2019,
	month = {December},
	day = 29,
	note =    {[online] \url{https://nordicapis.com/api-discovery-15-ways-tofind-apis/} {[Last accessed : 2019-12-29]}},
	url= {https://nordicapis.com/api-discovery-15-ways-tofind-apis/},
	urldate = {2019-12-29}
}

@misc{rapid_apis,
	author =      {Rapid API},
	title =       {Find and Connect to the World’s Top APIs},
	year =       2019,
	month = {December},
	day = 29,
	note =    {[online] \url{https://rapidapi.com/} {[Last accessed : 2019-12-29]}},
	url= {https://rapidapi.com/},
	urldate = {2019-12-29}
}

@misc{api_economy,
	author =      {{Bill Doerrfeld} {Chris Wood} {Art Anthony} {Kristopher Sandoval} {Arnaud Lauret}},
	title =       {The API economy},
	year =       2016,
	note =    {[online] \url{https://19yw4b240vb03ws8qm25h366-wpengine.netdna-ssl.com/wp-content/uploads/theapieconomy.pdf} {[Last accessed : 2019-12-29]}},
	url= {https://19yw4b240vb03ws8qm25h366-wpengine.netdna-ssl.com/wp-content/uploads/theapieconomy.pdf},
	urldate = {2019-12-29}
}

@misc{mulesoft_api_worth,
	author =      {Shana Pearlman},
	title =       {How Much is an API Worth?},
	year =       2016,
	month = {August},
	day = 10,
	note =    {[online] \url{https://blogs.mulesoft.com/biz/api/how-much-is-an-api-worth/} {[Last accessed : 2019-12-29]}},
	url= {https://blogs.mulesoft.com/biz/api/how-much-is-an-api-worth/},
	urldate = {2019-12-29}
}

@misc{mulesoft_salesforce,
	author =      {Mulesoft},
	title =       {Salesforce Signs Definitive Agreement to Acquire MuleSoft},
	year =       2019,
	month = {December},
	day = 29,
	note =    {[online] \url{https://www.mulesoft.com/press-center/salesforce-acquisition} {[Last accessed : 2019-12-29]}},
	url= {https://www.mulesoft.com/press-center/salesforce-acquisition},
	urldate = {2019-12-29}
}

@misc{trends_2017,
	author =      {{Mike J. Walker} {Alexander Linden} {David W. Cearley}},
	title =       {Gartner Identifies the Top 10 Strategic Technology Trends for 2017},
	year =       2016,
	month = {October},
	day = 18,
	id = G00319575,
	note =    {[online] \url{https://www.gartner.com/en/newsroom/press-releases/2016-10-18-gartner-identifies-the-top-10-strategic-technology-trends-for-2017} {[Last accessed : 2019-12-29]}},
	url= {https://www.gartner.com/en/newsroom/press-releases/2016-10-18-gartner-identifies-the-top-10-strategic-technology-trends-for-2017},
	urldate = {2019-12-29}
}

@misc{dzone_iot,
	author =      {Pradeep Peiris},
	title =       {How IoT Is Strengthening Ubiquitous Computing (Part 2)},
	year =       2017,
	month = {April},
	day = 24,
	note =    {[online] \url{ https://dzone.com/articles/howiot-is-strengthening-ubiquitous-computing-part-2} {[Last accessed : 2019-12-29]}},
	url= {https://dzone.com/articles/howiot-is-strengthening-ubiquitous-computing-part-2},
	urldate = {2019-12-29}
}

@misc{ubiquitous_computing,
	author =      {Wikipedia},
	title =       {Ubiquitous computing},
	year =       2019,
	month = {December},
	day = 29,
	note =    {[online] \url{https://en.wikipedia.org/wiki/Ubiquitous_computing} {[Last accessed : 2019-12-29]}},
	url= {https://en.wikipedia.org/wiki/Ubiquitous_computing},
	urldate = {2019-12-29}
}

@misc{digital_first,
	author =      {Mygov.scot resources},
	title =       {Digital First Service Standard},
	year =       2019,
	month = {December},
	day = 29,
	note =    {[online] \url{https://resources.mygov.scot/standards/digital-first/} {[Last accessed : 2019-12-29]}},
	url= {https://resources.mygov.scot/standards/digital-first/},
	urldate = {2019-12-29}
}

@misc{andrew_kutt,
	author =      {Andrew Kutt, Liina Areng},
	title =       {Estonia’s Modern Digital Governance: A Conversation with Andres Kütt and Liina Areng},
	year =       2017,
	note =    {[online] \url{https://www.csis.org/podcasts/strategic-technologies-podcast/estonia%E2%80%99s-modern-digital-governance-conversation-andres-k%C3%BCtt} {[Last accessed : 2019-12-29]}},
	url= {https://www.csis.org/podcasts/strategic-technologies-podcast/estonia%E2%80%99s-modern-digital-governance-conversation-andres-k%C3%BCtt},
	urldate = {2019-12-29}
}

@misc{upwork,
	author =      {Carey Wodehouse},
	title =       {Public APIs vs. Private APIs: What’s the Difference?},
	year =       2016,
	month =   {Ocotober},
	dat =     10,
	note =    {[online] \url{https://www.upwork.com/hiring/development/public-apis-vs-private-apis-whats-the-differenc} {[Last accessed : 2019-12-29]}},
	url= {https://www.upwork.com/hiring/development/public-apis-vs-private-apis-whats-the-difference/},
	urldate = {2019-12-29}
}

@misc{axway,
	key = {Axway partnership with EAlastic Beam},
	title = {Axway Partners with Elastic Beam to Leverage Artificial Intelligence for API Security},
	year =       2019,
	howpublished = {\url{https://www.axway.com/en/company/media/2018/press-release-axway-partners-elastic-beam-leverage-artificial-intelligence-api}},
	note = {Accessed: 2019-12-29}
}

@misc{bms,
	key = {Black Mirror Special},
	title = {“Black Mirror” special},
	year =       2019,
	howpublished = {\url{https://www.youtube.com/watch?v=bTnJORFcDbY&feature=youtu.be}},
	note = {Accessed: 2019-12-29}
}

@misc{bisurvey,
	key = {BI Trends 2020},
	title = {Top Business Intelligence Trends 2020},
	year =       2019,
	howpublished = {\url{https://bi-survey.com/top-business-intelligence-trends}},
	note = {Accessed: 2019-12-29}
}

@misc{openidconnect,
	key = {OpenID Connect},
	title = {OpenID Connect},
	year =       2019,
	howpublished = {\url{https://openid.net/connect/}},
	note = {Accessed: 2019-12-29}
}

@misc{django,
	key = {Django},
	title = {Django Project},
	year =       2019,
	howpublished = {\url{https://www.djangoproject.com/}},
	note = {Accessed: 2019-12-29}
}

@misc{oauth,
	author = {OAuth},
	title = {OAuth 2.0},
	year =       2019,
	howpublished = {\url{https://oauth.net/2/}},
	note = {Accessed: 2019-12-29}
}

@misc{react,
	author = {Jordan Walke},
	title = {REACTJS},
	year =       2013,
	month ={May},
	day= 29,
	howpublished = {\url{https://reactjs.org/}},
	note = {Accessed: 2019-12-29}
}




% ------------------------------------------------------------------------

@article{deloitte_insights,
	author = {{Larry Calabro} {Vishveshwara Vasa} {Chris Purpura} {Arun Perinkolam}},
	title = {API imperative: From IT concern to business mandate},
	month = {December},
	day = 05,
	year = 2017,
	journal = {Tech Trends 2018},
	note =         {[online] \url{https://www2.deloitte.com/us/en/insights/focus/tech-trends/2018/api-program-strategy.html} {[Last accessed : 2019-12-29]}},
	url={https://www2.deloitte.com/us/en/insights/focus/tech-trends/2018/api-program-strategy.html},
	urldate = {2019-12-29}
}


% ------------------------------------------------------------------------
